% Encoding: UTF-8
%%%%%% 3+1 Formalism %%%%%%
@book{Darmois1927,
author = {Darmois, Georges},
language = {fre},
publisher = {Gauthier-Villars},
title = {Les équations de la gravitation einsteinienne},
url = {http://eudml.org/doc/192556},
year = {1927},
}
@phdthesis{Lichnerowicz_1939,
     author = {Lichnerowicz, Andr\'e},
     title = {Sur certains probl\`emes globaux relatifs au syst\`eme des \'equations {d'Einstein}},
     series = {Th\`eses de l'entre-deux-guerres},
     number = {226},
     year = {1939},
     zbl = {0061.47001},
     language = {fr},
     url = {https://www.numdam.org/item/THESE_1939__226__1_0/}
}
@Article{yvonne1952,
author={Four{\`e}s-Bruhat, Y.},
title={Th{\'e}or{\`e}me d'existence pour certains syst{\`e}mes d'{\'e}quations aux d{\'e}riv{\'e}es partielles non lin{\'e}aires},
journal={Acta Mathematica},
year={1952},
month={Dec},
day={01},
volume={88},
number={1},
pages={141-225},
issn={1871-2509},
doi={10.1007/BF02392131},
url={https://doi.org/10.1007/BF02392131}
}
@article{dirac_1958,
 ISSN = {00804630},
 URL = {http://www.jstor.org/stable/100497},
 abstract = {The author's generalized procedure for putting a theory into Hamiltonian form is applied to Einstein's theory of gravitation. It is shown that one can make a change in the action density, not affecting the equations of motion, which causes four of the ten degrees of freedom associated with the ten gμ ν to drop out of the Hamiltonian formalism. This simplification can be achieved only at the expense of abandoning four-dimensional symmetry. In the weak field approximation one can make a Fourier resolution of the field quantities, and one then gets a clean separation of those degrees of freedom whose variables depend on the system of co-ordinates from those whose variables do not. There are four of the former and two of the latter for each Fourier component. The two latter correspond to gravitational waves with two independent states of polarization. One of the four former is responsible for the Newtonian attraction between masses and also gives a negative gravitational self-energy for each mass.},
 author = {P. A. M. Dirac},
 journal = {Proceedings of the Royal Society of London. Series A, Mathematical and Physical Sciences},
 number = {1246},
 pages = {333--343},
 publisher = {The Royal Society},
 title = {The Theory of Gravitation in Hamiltonian Form},
 urldate = {2025-09-16},
 volume = {246},
 year = {1958}
}
@article{dirac_1959,
  title = {Fixation of Coordinates in the Hamiltonian Theory of Gravitation},
  author = {Dirac, P. A. M.},
  journal = {Phys. Rev.},
  volume = {114},
  issue = {3},
  pages = {924--930},
  numpages = {0},
  year = {1959},
  month = {May},
  publisher = {American Physical Society},
  doi = {10.1103/PhysRev.114.924},
  url = {https://link.aps.org/doi/10.1103/PhysRev.114.924}
}
@article{Arnowitt_2008,
   title={Republication of: The dynamics of general relativity},
   volume={40},
   ISSN={1572-9532},
   url={http://dx.doi.org/10.1007/s10714-008-0661-1},
   DOI={10.1007/s10714-008-0661-1},
   number={9},
   journal={General Relativity and Gravitation},
   publisher={Springer Science and Business Media LLC},
   author={Arnowitt, Richard and Deser, Stanley and Misner, Charles W.},
   year={2008},
   month=aug, pages={1997–2027} 
}
@inproceedings{Wheeler1964,
    author = "Wheeler, J. A.",
    title = "{Geometrodynamics and the issue of final state}",
    booktitle = "{Les Houches Summer Shcool of Theoretical Physics}: {Relativity, Groups and Topology}",
    pages = "317--522",
    year = "1964"
}

%%%%%%%%%% Brans-dicke %%%%%%%%%%
@article{Brans_1961,
  title = {Mach's Principle and a Relativistic Theory of Gravitation},
  author = {Brans, C. and Dicke, R. H.},
  journal = {Phys. Rev.},
  volume = {124},
  issue = {3},
  pages = {925--935},
  numpages = {0},
  year = {1961},
  month = {Nov},
  publisher = {American Physical Society},
  doi = {10.1103/PhysRev.124.925},
  url = {https://link.aps.org/doi/10.1103/PhysRev.124.925}
}
@article{Brans_1962,
  title = {Mach's Principle and Invariance under Transformation of Units},
  author = {Dicke, R. H.},
  journal = {Phys. Rev.},
  volume = {125},
  issue = {6},
  pages = {2163--2167},
  numpages = {0},
  year = {1962},
  month = {Mar},
  publisher = {American Physical Society},
  doi = {10.1103/PhysRev.125.2163},
  url = {https://link.aps.org/doi/10.1103/PhysRev.125.2163}
}
@misc{quiros2025,
      title={Active and Passive Conformal Transformations in Scalar-Tensor Gravitational Theories}, 
      author={Israel Quiros and Amit Kumar Rao},
      year={2025},
      eprint={2503.12826},
      archivePrefix={arXiv},
      primaryClass={gr-qc},
      url={https://arxiv.org/abs/2503.12826}, 
}

%%%%%%%%%%%%%%% Bergmann-Wagoner %%%%%%%%%%%%%%%%
@Article{Bergmann1968,
author={Bergmann, Peter G.},
title={Comments on the scalar-tensor theory},
journal={International Journal of Theoretical Physics},
year={1968},
month={May},
day={01},
volume={1},
number={1},
pages={25-36},
abstract={Scalar-tensor theories are discussed as encompassing three classical long-range fields, including the electromagnetic field. In order to shed additional light on the restrictive assumptions made by Dicke concerning the coupling of the scalar field with matter, the ponderomotive laws of a scalar-tensor theory are constructed free of approximations in the form of integral laws. The integrals are extended over two- and three-dimensional domains that lie entirely in empty space but surround the regions containing matter; as for the latter, the vacuum field equations are not required to hold, but no further assumptions are made. It turns out that the gradient of the incident scalar field will contribute to the rate of change of the mass and linear momentum of a `particle' an amount proportional to that particle's scalar-field source strength, which in turn is an arbitrary function of time, unless Dicke's special restriction is imposed. To this extent the motion of a test particle is indeterminate, contrary to experience.},
issn={1572-9575},
doi={10.1007/BF00668828},
url={https://doi.org/10.1007/BF00668828}
}

@article{wagoner1970,
  title = {Scalar-Tensor Theory and Gravitational Waves},
  author = {Wagoner, Robert V.},
  journal = {Phys. Rev. D},
  volume = {1},
  issue = {12},
  pages = {3209--3216},
  numpages = {0},
  year = {1970},
  month = {Jun},
  publisher = {American Physical Society},
  doi = {10.1103/PhysRevD.1.3209},
  url = {https://link.aps.org/doi/10.1103/PhysRevD.1.3209}
}



%%%%%%%%%%%%%%%%%%%

@article{Riess_1998,
doi = {10.1086/300499},
url = {https://dx.doi.org/10.1086/300499},
year = {1998},
month = {sep},
publisher = {},
volume = {116},
number = {3},
pages = {1009},
author = {Adam G. Riess and Alexei V. Filippenko and Peter Challis and Alejandro Clocchiatti and Alan Diercks and Peter M. Garnavich and Ron L. Gilliland and Craig J. Hogan and Saurabh Jha and Robert P. Kirshner and B. Leibundgut and M. M. Phillips and David Reiss and Brian P. Schmidt and Robert A. Schommer and R. Chris Smith and J. Spyromilio and Christopher Stubbs and Nicholas B. Suntzeff and John Tonry},
title = {Observational Evidence from Supernovae for an Accelerating Universe and a Cosmological Constant},
journal = {The Astronomical Journal},
abstract = {We present spectral and photometric observations of 10 Type Ia supernovae (SNe Ia) in the redshift range 0.16 ≤ z ≤ 0.62. The luminosity distances of these objects are determined by methods that employ relations between SN Ia luminosity and light curve shape. Combined with previous data from our High-z Supernova Search Team and recent results by Riess et al., this expanded set of 16 high-redshift supernovae and a set of 34 nearby supernovae are used to place constraints on the following cosmological parameters: the Hubble constant (H0), the mass density (ΩM), the cosmological constant (i.e., the vacuum energy density, ΩΛ), the deceleration parameter (q0), and the dynamical age of the universe (t0). The distances of the high-redshift SNe Ia are, on average, 10%–15% farther than expected in a low mass density (ΩM = 0.2) universe without a cosmological constant. Different light curve fitting methods, SN Ia subsamples, and prior constraints unanimously favor eternally expanding models with positive cosmological constant (i.e., ΩΛ &gt; 0) and a current acceleration of the expansion (i.e., q0 &lt; 0). With no prior constraint on mass density other than ΩM ≥ 0, the spectroscopically confirmed SNe Ia are statistically consistent with q0 &lt; 0 at the 2.8 σ and 3.9 σ confidence levels, and with ΩΛ &gt; 0 at the 3.0 σ and 4.0 σ confidence levels, for two different fitting methods, respectively. Fixing a "minimal" mass density, ΩM = 0.2, results in the weakest detection, ΩΛ &gt; 0 at the 3.0 σ confidence level from one of the two methods. For a flat universe prior (ΩM + ΩΛ = 1), the spectroscopically confirmed SNe Ia require ΩΛ &gt; 0 at 7 σ and 9 σ formal statistical significance for the two different fitting methods. A universe closed by ordinary matter (i.e., ΩM = 1) is formally ruled out at the 7 σ to 8 σ confidence level for the two different fitting methods. We estimate the dynamical age of the universe to be 14.2 ± 1.7 Gyr including systematic uncertainties in the current Cepheid distance scale. We estimate the likely effect of several sources of systematic error, including progenitor and metallicity evolution, extinction, sample selection bias, local perturbations in the expansion rate, gravitational lensing, and sample contamination. Presently, none of these effects appear to reconcile the data with ΩΛ = 0 and q0 ≥ 0.}
}

@inproceedings{Wheeler_1964,
    author = "Wheeler, J. A.",
    title = "{Geometrodynamics and the issue of final state}",
    booktitle = "{Les Houches Summer Shcool of Theoretical Physics}: {Relativity, Groups and Topology}",
    pages = "317--522",
    year = "1964"
}

@article{rasanen_factor_2010,
doi = {10.1088/1475-7516/2010/08/023},
url = {https://dx.doi.org/10.1088/1475-7516/2010/08/023},
year = {2010},
month = {aug},
publisher = {},
volume = {2010},
number = {08},
pages = {023},
author = {Marc Vonlanthen and  Syksy Räsänen and  Ruth Durrer},
title = {Model-independent cosmological constraints from the CMB},
journal = {Journal of Cosmology and Astroparticle Physics},
abstract = {We analyse CMB data in a manner which is as independent as possible of the model of late-time cosmology.  We encode the effects of late-time cosmology into a single parameter which determines the distance to the last scattering surface.  We exclude low multipoles ℓ &lt; 40 from the analysis. We consider the WMAP5 and ACBAR data. We obtain the cosmological parameters 100ωb = 2.13±0.05, ωc = 0.124±0.007, ns = 0.93±0.02 and θA = 0.593°±0.001° (68% C.L.). The last number is the angular scale subtended by the sound horizon at decoupling.  There is a systematic shift in the parameters as more low ℓ data are omitted, towards smaller values of ωb and ns and larger values of ωc. The scale θA remains stable and very well determined.}
}

%%% favor backreaction
@article{Kasai_2007,
   title={Apparent Acceleration through Large-Scale Inhomogeneities: Post-Friedmannian Effects of Inhomogeneities on the Luminosity Distance},
   volume={117},
   ISSN={1347-4081},
   url={http://dx.doi.org/10.1143/PTP.117.1067},
   DOI={10.1143/ptp.117.1067},
   number={6},
   journal={Progress of Theoretical Physics},
   publisher={Oxford University Press (OUP)},
   author={Kasai, M.},
   year={2007},
   month=jun, pages={1067–1075} }

@article{Buchert_2000,
   title={On Average Properties of Inhomogeneous Fluids in General Relativity: Dust Cosmologies},
   volume={32},
   ISSN={1572-9532},
   url={http://dx.doi.org/10.1023/A:1001800617177},
   DOI={10.1023/a:1001800617177},
   number={1},
   journal={General Relativity and Gravitation},
   publisher={Springer Science and Business Media LLC},
   author={Buchert, Thomas},
   year={2000},
   month=jan, pages={105–125} }
@article{Buchert_2001,
   title={On Average Properties of Inhomogeneous Fluids in General Relativity: Perfect Fluid Cosmologies},
   volume={33},
   ISSN={1572-9532},
   url={http://dx.doi.org/10.1023/A:1012061725841},
   DOI={10.1023/a:1012061725841},
   number={8},
   journal={General Relativity and Gravitation},
   publisher={Springer Science and Business Media LLC},
   author={Buchert, Thomas},
   year={2001},
   month=aug, pages={1381–1405} 
}
@article{R_s_nen_2004,
   title={Dark energy from back-reaction},
   volume={2004},
   ISSN={1475-7516},
   url={http://dx.doi.org/10.1088/1475-7516/2004/02/003},
   DOI={10.1088/1475-7516/2004/02/003},
   number={02},
   journal={Journal of Cosmology and Astroparticle Physics},
   publisher={IOP Publishing},
   author={Räsänen, Syksy},
   year={2004},
   month=feb, pages={003–003} }
@article{Barausse_2005,
   title={Effect of inhomogeneities on the luminosity distance-redshift relation: Is dark energy necessary in a perturbed universe?},
   volume={71},
   ISSN={1550-2368},
   url={http://dx.doi.org/10.1103/PhysRevD.71.063537},
   DOI={10.1103/physrevd.71.063537},
   number={6},
   journal={Physical Review D},
   publisher={American Physical Society (APS)},
   author={Barausse, Enrico and Matarrese, Sabino and Riotto, Antonio},
   year={2005},
   month=mar }
@article{Kolb_2006,
   title={On cosmic acceleration without dark energy},
   volume={8},
   ISSN={1367-2630},
   url={http://dx.doi.org/10.1088/1367-2630/8/12/322},
   DOI={10.1088/1367-2630/8/12/322},
   number={12},
   journal={New Journal of Physics},
   publisher={IOP Publishing},
   author={Kolb, Edward W and Matarrese, Sabino and Riotto, Antonio},
   year={2006},
   month=dec, pages={322–322} }
@article{R_s_nen_2006,
   title={Accelerated expansion from structure formation},
   volume={2006},
   ISSN={1475-7516},
   url={http://dx.doi.org/10.1088/1475-7516/2006/11/003},
   DOI={10.1088/1475-7516/2006/11/003},
   number={11},
   journal={Journal of Cosmology and Astroparticle Physics},
   publisher={IOP Publishing},
   author={Räsänen, Syksy},
   year={2006},
   month=nov, pages={003–003} }
@article{Alnes_2006,
   title={Inhomogeneous alternative to dark energy?},
   volume={73},
   ISSN={1550-2368},
   url={http://dx.doi.org/10.1103/PhysRevD.73.083519},
   DOI={10.1103/physrevd.73.083519},
   number={8},
   journal={Physical Review D},
   publisher={American Physical Society (APS)},
   author={Alnes, Håvard and Amarzguioui, Morad and Grøn, Oyvind},
   year={2006},
   month=apr }
@article{Biswas_2007,
   title={Non-linear structure formation and ‘apparent’ acceleration: an investigation},
   volume={2007},
   ISSN={1475-7516},
   url={http://dx.doi.org/10.1088/1475-7516/2007/12/017},
   DOI={10.1088/1475-7516/2007/12/017},
   number={12},
   journal={Journal of Cosmology and Astroparticle Physics},
   publisher={IOP Publishing},
   author={Biswas, Tirthabir and Mansouri, Reza and Notari, Alessio},
   year={2007},
   month=dec, pages={017–017} }
@article{Buchert_2007,
   title={Dark Energy from structure: a status report},
   volume={40},
   ISSN={1572-9532},
   url={http://dx.doi.org/10.1007/s10714-007-0554-8},
   DOI={10.1007/s10714-007-0554-8},
   number={2–3},
   journal={General Relativity and Gravitation},
   publisher={Springer Science and Business Media LLC},
   author={Buchert, Thomas},
   year={2007},
   month=dec, pages={467–527} }
@article{Wiltshire_2009,
   title={Average observational quantities in the timescape cosmology},
   volume={80},
   ISSN={1550-2368},
   url={http://dx.doi.org/10.1103/PhysRevD.80.123512},
   DOI={10.1103/physrevd.80.123512},
   number={12},
   journal={Physical Review D},
   publisher={American Physical Society (APS)},
   author={Wiltshire, David L.},
   year={2009},
   month=dec }
@article{Heinesen_2020,
   title={Solving the curvature and Hubble parameter inconsistencies through structure formation-induced curvature},
   volume={37},
   ISSN={1361-6382},
   url={http://dx.doi.org/10.1088/1361-6382/ab954b},
   DOI={10.1088/1361-6382/ab954b},
   number={16},
   journal={Classical and Quantum Gravity},
   publisher={IOP Publishing},
   author={Heinesen, Asta and Buchert, Thomas},
   year={2020},
   month={jul}, pages={164001} }

%%% favor backreaction


%%% den favor backreaction
@article{Ishibashi_2005,
   title={Can the acceleration of our universe be explained by the effects of inhomogeneities?},
   volume={23},
   ISSN={1361-6382},
   url={http://dx.doi.org/10.1088/0264-9381/23/1/012},
   DOI={10.1088/0264-9381/23/1/012},
   number={1},
   journal={Classical and Quantum Gravity},
   publisher={IOP Publishing},
   author={Ishibashi, Akihiro and Wald, Robert M},
   year={2005},
   month={dec}, pages={235–250} }
@article{Flanagan_2005,
   title={Can superhorizon perturbations drive the acceleration of the Universe?},
   volume={71},
   ISSN={1550-2368},
   url={http://dx.doi.org/10.1103/PhysRevD.71.103521},
   DOI={10.1103/physrevd.71.103521},
   number={10},
   journal={Physical Review D},
   publisher={American Physical Society (APS)},
   author={Flanagan, Eanna E. },
   year={2005},
   month={may }}
@article{Hirata_2005,
   title={Can superhorizon cosmological perturbations explain the acceleration of the universe?},
   volume={72},
   ISSN={1550-2368},
   url={http://dx.doi.org/10.1103/PhysRevD.72.083501},
   DOI={10.1103/physrevd.72.083501},
   number={8},
   journal={Physical Review D},
   publisher={American Physical Society (APS)},
   author={Hirata, Christopher M. and Seljak, Uroš},
   year={2005},
   month={oct }}
@article{Geshnizjani_2005,
   title={Do large-scale inhomogeneities explain away dark energy?},
   volume={72},
   ISSN={1550-2368},
   url={http://dx.doi.org/10.1103/PhysRevD.72.023517},
   DOI={10.1103/physrevd.72.023517},
   number={2},
   journal={Physical Review D},
   publisher={American Physical Society (APS)},
   author={Geshnizjani, Ghazal and Chung, Daniel J. H. and Afshordi, Niayesh},
   year={2005},
   month={jul }}
@article{Bonvin_2006,
   title={Fluctuations of the luminosity distance},
   volume={73},
   ISSN={1550-2368},
   url={http://dx.doi.org/10.1103/PhysRevD.73.023523},
   DOI={10.1103/physrevd.73.023523},
   number={2},
   journal={Physical Review D},
   publisher={American Physical Society (APS)},
   author={Bonvin, Camille and Durrer, Ruth and Gasparini, M. Alice},
   year={2006},
   month={jan }}
@article{Bonvin__2006,
   title={Dipole of the Luminosity Distance: A Direct Measure of H(z)},
   volume={96},
   ISSN={1079-7114},
   url={http://dx.doi.org/10.1103/PhysRevLett.96.191302},
   DOI={10.1103/physrevlett.96.191302},
   number={19},
   journal={Physical Review Letters},
   publisher={American Physical Society (APS)},
   author={Bonvin, Camille and Durrer, Ruth and Kunz, Martin},
   year={2006},
   month={may }}
@article{Behrend_2008,
   title={Cosmological backreaction from perturbations},
   volume={2008},
   ISSN={1475-7516},
   url={http://dx.doi.org/10.1088/1475-7516/2008/01/013},
   DOI={10.1088/1475-7516/2008/01/013},
   number={01},
   journal={Journal of Cosmology and Astroparticle Physics},
   publisher={IOP Publishing},
   author={Behrend, Juliane and Brown, Iain A and Robbers, Georg},
   year={2008},
   month={jan}, pages={013} }
@article{Kumar_2008,
   title={Backreaction of superhorizon perturbations in scalar field cosmologies},
   volume={78},
   ISSN={1550-2368},
   url={http://dx.doi.org/10.1103/PhysRevD.78.063537},
   DOI={10.1103/physrevd.78.063537},
   number={6},
   journal={Physical Review D},
   publisher={American Physical Society (APS)},
   author={Kumar, Naresh and Flanagan, Eanna E. },
   year={2008},
   month={sep }}
@article{Krasi_ski_2010,
   title={Imitating accelerated expansion of the Universe by matter inhomogeneities: corrections of some misunderstandings},
   volume={42},
   ISSN={1572-9532},
   url={http://dx.doi.org/10.1007/s10714-010-0993-5},
   DOI={10.1007/s10714-010-0993-5},
   number={10},
   journal={General Relativity and Gravitation},
   publisher={Springer Science and Business Media LLC},
   author={Krasiński, Andrzej and Hellaby, Charles and Bolejko, Krzysztof and Célérier, Marie-Noëlle},
   year={2010},
   month={jun}, pages={2453–2475} }
@misc{tomita2009astrophysicalexplanationscosmologicalinhomogeneities,
      title={On astrophysical explanations due to cosmological inhomogeneities for the observational acceleration}, 
      author={Kenji Tomita},
      year={2009},
      eprint={0906.1325},
      archivePrefix={arXiv},
      primaryClass={astro-ph.CO},
      url={https://arxiv.org/abs/0906.1325}, 
}
@article{Baumann_2012,
   title={Cosmological non-linearities as an effective fluid},
   volume={2012},
   ISSN={1475-7516},
   url={http://dx.doi.org/10.1088/1475-7516/2012/07/051},
   DOI={10.1088/1475-7516/2012/07/051},
   number={07},
   journal={Journal of Cosmology and Astroparticle Physics},
   publisher={IOP Publishing},
   author={Baumann, Daniel and Nicolis, Alberto and Senatore, Leonardo and Zaldarriaga, Matias},
   year={2012},
   month={jul}, pages={051–051} }
@article{Green_2011,
   title={New framework for analyzing the effects of small scale inhomogeneities in cosmology},
   volume={83},
   ISSN={1550-2368},
   url={http://dx.doi.org/10.1103/PhysRevD.83.084020},
   DOI={10.1103/physrevd.83.084020},
   number={8},
   journal={Physical Review D},
   publisher={American Physical Society (APS)},
   author={Green, Stephen R. and Wald, Robert M.},
   year={2011},
   month={apr }}
@article{Green_2014,
   title={How well is our Universe described by an FLRW model?},
   volume={31},
   ISSN={1361-6382},
   url={http://dx.doi.org/10.1088/0264-9381/31/23/234003},
   DOI={10.1088/0264-9381/31/23/234003},
   number={23},
   journal={Classical and Quantum Gravity},
   publisher={IOP Publishing},
   author={Green, Stephen R and Wald, Robert M},
   year={2014},
   month=nov, pages={234003} }
@article{Green_2016,
   title={A simple, heuristic derivation of our ‘no backreaction’ results},
   volume={33},
   ISSN={1361-6382},
   url={http://dx.doi.org/10.1088/0264-9381/33/12/125027},
   DOI={10.1088/0264-9381/33/12/125027},
   number={12},
   journal={Classical and Quantum Gravity},
   publisher={IOP Publishing},
   author={Green, Stephen R and Wald, Robert M},
   year={2016},
   month=may, pages={125027} }
@article{Macpherson_2019,
   title={Einstein’s Universe: Cosmological structure formation in numerical relativity},
   volume={99},
   ISSN={2470-0029},
   url={http://dx.doi.org/10.1103/PhysRevD.99.063522},
   DOI={10.1103/physrevd.99.063522},
   number={6},
   journal={Physical Review D},
   publisher={American Physical Society (APS)},
   author={Macpherson, Hayley J. and Price, Daniel J. and Lasky, Paul D.},
   year={2019},
   month=mar }

%%% den favor backreaction


%%% middle
@article{Umeh_2011,
   title={The Hubble rate in averaged cosmology},
   volume={2011},
   ISSN={1475-7516},
   url={http://dx.doi.org/10.1088/1475-7516/2011/03/029},
   DOI={10.1088/1475-7516/2011/03/029},
   number={03},
   journal={Journal of Cosmology and Astroparticle Physics},
   publisher={IOP Publishing},
   author={Umeh, Obinna and Larena, Julien and Clarkson, Chris},
   year={2011},
   month=mar, pages={029–029} }
@article{Russ_1997,
   title={Age of the universe: Influence of the inhomogeneities on the global expansion factor},
   volume={56},
   ISSN={1089-4918},
   url={http://dx.doi.org/10.1103/PhysRevD.56.2044},
   DOI={10.1103/physrevd.56.2044},
   number={4},
   journal={Physical Review D},
   publisher={American Physical Society (APS)},
   author={Russ, Heinz and Soffel, Michael H. and Kasai, Masumi and Börner, Gerhard},
   year={1997},
   month=aug, pages={2044–2050} }
@article{Kolb_2005,
   title={Effect of inhomogeneities on the expansion rate of the universe},
   volume={71},
   ISSN={1550-2368},
   url={http://dx.doi.org/10.1103/PhysRevD.71.023524},
   DOI={10.1103/physrevd.71.023524},
   number={2},
   journal={Physical Review D},
   publisher={American Physical Society (APS)},
   author={Kolb, Edward W. and Matarrese, Sabino and Notari, Alessio and Riotto, Antonio},
   year={2005},
   month=jan }
@article{Li_2007,
   title={Onset of cosmological backreaction},
   volume={76},
   ISSN={1550-2368},
   url={http://dx.doi.org/10.1103/PhysRevD.76.083011},
   DOI={10.1103/physrevd.76.083011},
   number={8},
   journal={Physical Review D},
   publisher={American Physical Society (APS)},
   author={Li, Nan and Schwarz, Dominik J.},
   year={2007},
   month=oct }
@article{Li__2008,
   title={Scale dependence of cosmological backreaction},
   volume={78},
   ISSN={1550-2368},
   url={http://dx.doi.org/10.1103/PhysRevD.78.083531},
   DOI={10.1103/physrevd.78.083531},
   number={8},
   journal={Physical Review D},
   publisher={American Physical Society (APS)},
   author={Li, Nan and Schwarz, Dominik J.},
   year={2008},
   month=oct }
@article{Li_2008,
   title={Is dark energy an effect of averaging?},
   volume={56},
   ISSN={1521-3978},
   url={http://dx.doi.org/10.1002/prop.200710521},
   DOI={10.1002/prop.200710521},
   number={4–5},
   journal={Fortschritte der Physik},
   publisher={Wiley},
   author={Li, N. and Seikel, M. and Schwarz, D.J.},
   year={2008},
   month=apr, pages={465–474} }
@article{Clarkson_2009,
   title={Influence of structure formation on the cosmic expansion},
   volume={80},
   ISSN={1550-2368},
   url={http://dx.doi.org/10.1103/PhysRevD.80.083525},
   DOI={10.1103/physrevd.80.083525},
   number={8},
   journal={Physical Review D},
   publisher={American Physical Society (APS)},
   author={Clarkson, Chris and Ananda, Kishore and Larena, Julien},
   year={2009},
   month=oct }
@inproceedings{Clarkson_2010,
   title={On the determination of dark energy},
   ISSN={0094-243X},
   url={http://dx.doi.org/10.1063/1.3462717},
   DOI={10.1063/1.3462717},
   booktitle={AIP Conference Proceedings},
   publisher={AIP},
   author={Clarkson, Chris and Alimi, Jean-Michel and Fuozfa, André},
   year={2010},
   pages={784–796} }
@misc{chung2010effectivefluidapproachcosmological,
      title={The Effective Fluid Approach to Cosmological Nonlinearities: Applications to Preheating}, 
      author={Hyeyoun Chung},
      year={2010},
      eprint={1009.1333},
      archivePrefix={arXiv},
      primaryClass={astro-ph.CO},
      url={https://arxiv.org/abs/1009.1333}, 
}
@article{Fleury_2013,
   title={Interpretation of the Hubble diagram in a nonhomogeneous universe},
   volume={87},
   ISSN={1550-2368},
   url={http://dx.doi.org/10.1103/PhysRevD.87.123526},
   DOI={10.1103/physrevd.87.123526},
   number={12},
   journal={Physical Review D},
   publisher={American Physical Society (APS)},
   author={Fleury, Pierre and Dupuy, Hélène and Uzan, Jean-Philippe},
   year={2013},
   month=jun }
@article{Buchert_2015,
   title={Is there proof that backreaction of inhomogeneities is irrelevant in cosmology?},
   volume={32},
   ISSN={1361-6382},
   url={http://dx.doi.org/10.1088/0264-9381/32/21/215021},
   DOI={10.1088/0264-9381/32/21/215021},
   number={21},
   journal={Classical and Quantum Gravity},
   publisher={IOP Publishing},
   author={Buchert, T and Carfora, M and Ellis, G F R and Kolb, E W and MacCallum, M A H and Ostrowski, J J and Räsänen, S and Roukema, B F and Andersson, L and Coley, A A and Wiltshire, D L},
   year={2015},
   month=oct, pages={215021} }
@article{Bolejko_2016,
   title={Differential cosmic expansion and the Hubble flow anisotropy},
   volume={2016},
   ISSN={1475-7516},
   url={http://dx.doi.org/10.1088/1475-7516/2016/06/035},
   DOI={10.1088/1475-7516/2016/06/035},
   number={06},
   journal={Journal of Cosmology and Astroparticle Physics},
   publisher={IOP Publishing},
   author={Bolejko, Krzysztof and Nazer, M. Ahsan and Wiltshire, David L.},
   year={2016},
   month=jun, pages={035–035} }
@article{Giani_2024,
   title={An effective description of Laniakea: impact on cosmology and the local determination of the Hubble constant},
   volume={2024},
   ISSN={1475-7516},
   url={http://dx.doi.org/10.1088/1475-7516/2024/01/071},
   DOI={10.1088/1475-7516/2024/01/071},
   number={01},
   journal={Journal of Cosmology and Astroparticle Physics},
   publisher={IOP Publishing},
   author={Giani, Leonardo and Howlett, Cullan and Said, Khaled and Davis, Tamara and Vagnozzi, Sunny},
   year={2024},
   month=jan, pages={071} }
@article{Anton_2023,
   title={Modelling the emergence of cosmic anisotropy from non-linear structures},
   volume={40},
   ISSN={1361-6382},
   url={http://dx.doi.org/10.1088/1361-6382/acdbfd},
   DOI={10.1088/1361-6382/acdbfd},
   number={14},
   journal={Classical and Quantum Gravity},
   publisher={IOP Publishing},
   author={Anton, Theodore and Clifton, Timothy},
   year={2023},
   month=jun, pages={145004} }
@misc{clifton2024radicalsolutionhubbletension,
      title={A Radical Solution to the Hubble Tension Problem}, 
      author={Timothy Clifton and Neil Hyatt},
      year={2024},
      eprint={2404.08586},
      archivePrefix={arXiv},
      primaryClass={astro-ph.CO},
      url={https://arxiv.org/abs/2404.08586}, 
}
%%% middle



@article{Vrugt:2021sfu,
	author = {Vrugt, Michael te and Hossenfelder, Sabine and Wittkowski, Raphael},
	title = {Mori-Zwanzig Formalism for General Relativity: A New Approach to the Averaging Problem},
	eprint = {2107.11497},
	archivePrefix = {arXiv},
	primaryClass = {gr-qc},
	doi = {10.1103/PhysRevLett.127.231101},
	journal = {Phys. Rev. Lett.},
	volume = {127},
	number = {23},
	pages = {231101},
	year = {2021}
}

@article{Gasperini_2011,
	title={Light-cone averaging in cosmology: formalism and applications},
	volume={2011},
	ISSN={1475-7516},
	url={http://dx.doi.org/10.1088/1475-7516/2011/07/008},
	DOI={10.1088/1475-7516/2011/07/008},
	number={07},
	journal={Journal of Cosmology and Astroparticle Physics},
	publisher={IOP Publishing},
	author={Gasperini, M and Marozzi, G and Nugier, F and Veneziano, G},
	year={2011},
	month={jul}, pages={008–008} }
	
@article{R_s_nen_2010,
	title={Light propagation in statistically homogeneous and isotropic universes with general matter content},
	volume={2010},
	ISSN={1475-7516},
	url={http://dx.doi.org/10.1088/1475-7516/2010/03/018},
	DOI={10.1088/1475-7516/2010/03/018},
	number={03},
	journal={Journal of Cosmology and Astroparticle Physics},
	publisher={IOP Publishing},
	author={Räsänen, Syksy},
	year={2010},
	month=mar, pages={018–018} }

@article{Räsänen_2011,
	doi = {10.1088/0264-9381/28/16/164008},
	url = {https://dx.doi.org/10.1088/0264-9381/28/16/164008},
	year = {2011},
	month = {aug},
	publisher = {},
	volume = {28},
	number = {16},
	pages = {164008},
	author = {Syksy Räsänen},
	title = {Backreaction: directions of progress},
	journal = {Classical and Quantum Gravity},
	abstract = {Homogeneous and isotropic cosmological models with ordinary matter and gravity predict slower expansion and shorter distances than observed. It is possible that this failure is due the known breakdown of homogeneity and isotropy related to structure formation, rather than new fundamental physics. We review this backreaction conjecture, concentrating on topics on which there has been progress as well as open issues.}
}

@misc{magni2012backreactioncovariantformalismgeneral,
	title={Backreaction and the Covariant Formalism of General Relativity}, 
	author={Stefano Magni},
	year={2012},
	eprint={1202.0430},
	archivePrefix={arXiv},
	primaryClass={gr-qc},
	url={https://arxiv.org/abs/1202.0430}, 
}

@article{Planck2018,
   title={Planck2018 results: VI. Cosmological parameters},
   volume={641},
   ISSN={1432-0746},
   url={http://dx.doi.org/10.1051/0004-6361/201833910},
   DOI={10.1051/0004-6361/201833910},
   journal={AA},
   publisher={EDP Sciences},
   author={Aghanim, N. and Akrami, Y. and Ashdown, M. and Aumont, J. and Baccigalupi, C. and Ballardini, M. and Banday, A. J. and Barreiro, R. B. and Bartolo, N. and Basak, S. and Battye, R. and Benabed, K. and Bernard, J.-P. and Bersanelli, M. and Bielewicz, P. and Bock, J. J. and Bond, J. R. and Borrill, J. and Bouchet, F. R. and Boulanger, F. and Bucher, M. and Burigana, C. and Butler, R. C. and Calabrese, E. and Cardoso, J.-F. and Carron, J. and Challinor, A. and Chiang, H. C. and Chluba, J. and Colombo, L. P. L. and Combet, C. and Contreras, D. and Crill, B. P. and Cuttaia, F. and de Bernardis, P. and de Zotti, G. and Delabrouille, J. and Delouis, J.-M. and Di Valentino, E. and Diego, J. M. and Doré, O. and Douspis, M. and Ducout, A. and Dupac, X. and Dusini, S. and Efstathiou, G. and Elsner, F. and Enßlin, T. A. and Eriksen, H. K. and Fantaye, Y. and Farhang, M. and Fergusson, J. and Fernandez-Cobos, R. and Finelli, F. and Forastieri, F. and Frailis, M. and Fraisse, A. A. and Franceschi, E. and Frolov, A. and Galeotta, S. and Galli, S. and Ganga, K. and Génova-Santos, R. T. and Gerbino, M. and Ghosh, T. and González-Nuevo, J. and Górski, K. M. and Gratton, S. and Gruppuso, A. and Gudmundsson, J. E. and Hamann, J. and Handley, W. and Hansen, F. K. and Herranz, D. and Hildebrandt, S. R. and Hivon, E. and Huang, Z. and Jaffe, A. H. and Jones, W. C. and Karakci, A. and Keihänen, E. and Keskitalo, R. and Kiiveri, K. and Kim, J. and Kisner, T. S. and Knox, L. and Krachmalnicoff, N. and Kunz, M. and Kurki-Suonio, H. and Lagache, G. and Lamarre, J.-M. and Lasenby, A. and Lattanzi, M. and Lawrence, C. R. and Le Jeune, M. and Lemos, P. and Lesgourgues, J. and Levrier, F. and Lewis, A. and Liguori, M. and Lilje, P. B. and Lilley, M. and Lindholm, V. and López-Caniego, M. and Lubin, P. M. and Ma, Y.-Z. and Macías-Pérez, J. F. and Maggio, G. and Maino, D. and Mandolesi, N. and Mangilli, A. and Marcos-Caballero, A. and Maris, M. and Martin, P. G. and Martinelli, M. and Martínez-González, E. and Matarrese, S. and Mauri, N. and McEwen, J. D. and Meinhold, P. R. and Melchiorri, A. and Mennella, A. and Migliaccio, M. and Millea, M. and Mitra, S. and Miville-Deschênes, M.-A. and Molinari, D. and Montier, L. and Morgante, G. and Moss, A. and Natoli, P. and Nørgaard-Nielsen, H. U. and Pagano, L. and Paoletti, D. and Partridge, B. and Patanchon, G. and Peiris, H. V. and Perrotta, F. and Pettorino, V. and Piacentini, F. and Polastri, L. and Polenta, G. and Puget, J.-L. and Rachen, J. P. and Reinecke, M. and Remazeilles, M. and Renzi, A. and Rocha, G. and Rosset, C. and Roudier, G. and Rubiño-Martín, J. A. and Ruiz-Granados, B. and Salvati, L. and Sandri, M. and Savelainen, M. and Scott, D. and Shellard, E. P. S. and Sirignano, C. and Sirri, G. and Spencer, L. D. and Sunyaev, R. and Suur-Uski, A.-S. and Tauber, J. A. and Tavagnacco, D. and Tenti, M. and Toffolatti, L. and Tomasi, M. and Trombetti, T. and Valenziano, L. and Valiviita, J. and Van Tent, B. and Vibert, L. and Vielva, P. and Villa, F. and Vittorio, N. and Wandelt, B. D. and Wehus, I. K. and White, M. and White, S. D. M. and Zacchei, A. and Zonca, A.},
   year={2020},
   month=sep, pages={A6} }

@article{Kolb_2009,
   title={Cosmological background solutions and cosmological backreactions},
   volume={42},
   ISSN={1572-9532},
   url={http://dx.doi.org/10.1007/s10714-009-0913-8},
   DOI={10.1007/s10714-009-0913-8},
   number={6},
   journal={General Relativity and Gravitation},
   publisher={Springer Science and Business Media LLC},
   author={Kolb, Edward W. and Marra, Valerio and Matarrese, Sabino},
   year={2009},
   month=nov, pages={1399–1412} }
@article{Jaffe_2005,
   title={Casimir effect and the quantum vacuum},
   volume={72},
   ISSN={1550-2368},
   url={http://dx.doi.org/10.1103/PhysRevD.72.021301},
   DOI={10.1103/physrevd.72.021301},
   number={2},
   journal={Physical Review D},
   publisher={American Physical Society (APS)},
   author={Jaffe, R. L.},
   year={2005},
   month=jul }


%%%% averaging schemes 

@Article{Noonan1985,
author={Noonan, Thomas W.},
title={The gravitational contribution to the momentum of a medium in general relativity},
journal={General Relativity and Gravitation},
year={1985},
month={Jun},
day={01},
volume={17},
number={6},
pages={535-544},
abstract={The time-space components of the macroscopic stress-energy tensor of a medium in general relativity (derived in a previous paper) are examined for the momentum density and energy flux of the microscopic gravitational fields. Agreement with both the Newtonian approximation and Chandrasekhar's post-Newtoninan approximation is noted.},
issn={1572-9532},
doi={10.1007/BF00763047},
url={https://doi.org/10.1007/BF00763047}
}
@ARTICLE{Futamase1988-hx,
  title    = "Approximation scheme for constructing a clumpy universe in general relativity",
  author   = "Futamase, T",
  journal  = "Phys Rev Lett",
  volume   =  61,
  number   =  19,
  pages    = "2175--2178",
  month    =  nov,
  year     =  1988,
  address  = "United States",
  language = "en",
    doi= "10.1103/PhysRevLett.61.2175",
url="https://doi.org/10.1103/PhysRevLett.61.2175"
}

@article{futamase1996,
  title = {Averaging of a locally inhomogeneous realistic universe},
  author = {Futamase, Toshifumi},
  journal = {Phys. Rev. D},
  volume = {53},
  issue = {2},
  pages = {681--689},
  numpages = {0},
  year = {1996},
  month = {Jan},
  publisher = {American Physical Society},
  doi = {10.1103/PhysRevD.53.681},
  url = {https://link.aps.org/doi/10.1103/PhysRevD.53.681}
}

@article{ksasai1992,
  title = {Construction of inhomogeneous universes which are Friedmann-Lema\^{\i}tre-Robertson-Walker on average},
  author = {Kasai, Masumi},
  journal = {Phys. Rev. Lett.},
  volume = {69},
  issue = {16},
  pages = {2330--2332},
  numpages = {0},
  year = {1992},
  month = {Oct},
  publisher = {American Physical Society},
  doi = {10.1103/PhysRevLett.69.2330},
  url = {https://link.aps.org/doi/10.1103/PhysRevLett.69.2330}
}
@article{Boersma_1998,
   title={Averaging in cosmology},
   volume={57},
   ISSN={1089-4918},
   url={http://dx.doi.org/10.1103/PhysRevD.57.798},
   DOI={10.1103/physrevd.57.798},
   number={2},
   journal={Physical Review D},
   publisher={American Physical Society (APS)},
   author={Boersma, Jelle P.},
   year={1998},
   month=jan, pages={798–810} }

@article{10.1093/mnras/226.2.373,
    author = {Stoeger, W. R. and Ellis, G. F. R. and Hellaby, C.},
    title = {The relationship between continuum homogeneity and statistical homogeneity in cosmology},
    journal = {Monthly Notices of the Royal Astronomical Society},
    volume = {226},
    number = {2},
    pages = {373-381},
    year = {1987},
    month = {05},
    abstract = {Although the standard Friedmann–Lemaitre–Robertson–Walker (FLRW) Universe models are based on the concept that the Universe is spatially homogeneous, up to the present time no definition of this concept has been proposed that could in principle be tested by observation. We propose such a definition, based on a simple spatial averaging procedure, which relates observable properties of the Universe to the continuum homogeneity idea that underlies the FLRW models. It turns out that the statistical homogeneity often used to describe the distribution of matter on a large scale does not imply spatial homogeneity according to this definition, and so cannot be simply related to a FLRW Universe model. We propose values for the homogeneity parameter ε and length scale Lc of homogeneity of the Universe.},
    issn = {0035-8711},
    doi = {10.1093/mnras/226.2.373},
    url = {https://doi.org/10.1093/mnras/226.2.373},
    eprint = {https://academic.oup.com/mnras/article-pdf/226/2/373/2868088/mnras226-0373.pdf},
}

@article{Carfora_1995,
   title={Renormalization group approach to relativistic cosmology},
   volume={52},
   ISSN={0556-2821},
   url={http://dx.doi.org/10.1103/PhysRevD.52.4393},
   DOI={10.1103/physrevd.52.4393},
   number={8},
   journal={Physical Review D},
   publisher={American Physical Society (APS)},
   author={Carfora, Mauro and Piotrkowska, Kamilla},
   year={1995},
   month=oct, pages={4393–4424} }
@article{Mustapha_1998,
   title={The distortion of the area distance-redshift relation in inhomogeneous isotropic universes},
   volume={15},
   ISSN={1361-6382},
   url={http://dx.doi.org/10.1088/0264-9381/15/8/016},
   DOI={10.1088/0264-9381/15/8/016},
   number={8},
   journal={Classical and Quantum Gravity},
   publisher={IOP Publishing},
   author={Mustapha, Nazeem and Bassett, B A C C and Hellaby, Charles and Ellis, G F R},
   year={1998},
   month=aug, pages={2363–2379} }
@book{Krasiński_1997, place={Cambridge}, title={Inhomogeneous Cosmological Models}, publisher={Cambridge University Press}, author={Krasiński, Andrzej}, year={1997}} 

@article{Reiris_2008,
   title={General {\cal K}=-1 Friedman–Lemaître models and the averaging problem in cosmology},
   volume={25},
   ISSN={1361-6382},
   url={http://dx.doi.org/10.1088/0264-9381/25/8/085001},
   DOI={10.1088/0264-9381/25/8/085001},
   number={8},
   journal={Classical and Quantum Gravity},
   publisher={IOP Publishing},
   author={Reiris, Martin},
   year={2008},
   month=mar, pages={085001} }
@article{Anastopoulos_2009,
   title={Gravitational backreaction in cosmological spacetimes},
   volume={79},
   ISSN={1550-2368},
   url={http://dx.doi.org/10.1103/PhysRevD.79.084029},
   DOI={10.1103/physrevd.79.084029},
   number={8},
   journal={Physical Review D},
   publisher={American Physical Society (APS)},
   author={Anastopoulos, Charis},
   year={2009},
   month=apr }
@article{Buchert_2020,
   title={On average properties of inhomogeneous fluids in general relativity III: general fluid cosmologies},
   volume={52},
   ISSN={1572-9532},
   url={http://dx.doi.org/10.1007/s10714-020-02670-6},
   DOI={10.1007/s10714-020-02670-6},
   number={3},
   journal={General Relativity and Gravitation},
   publisher={Springer Science and Business Media LLC},
   author={Buchert, Thomas and Mourier, Pierre and Roy, Xavier},
   year={2020},
   month=mar }
﻿@Article{Zalaletdinov1993,
author={Zalaletdinov, Roustam M.},
title={Towards a theory of macroscopic gravity},
journal={General Relativity and Gravitation},
year={1993},
month={Jul},
day={01},
volume={25},
number={7},
pages={673-695},
abstract={By averaging out Cartan's structure equations for a four-dimensional Riemannian space over space regions, the structure equations for the averaged space have been derived with the procedure being valid on an arbitrary Riemannian space. The averaged space is characterized by a metric, Riemannian and non-Rimannian curvature 2-forms, and correlation 2-, 3- and 4-forms, an affine deformation 1-form being due to the non-metricity of one of two connection 1-forms. Using the procedure for the space-time averaging of the Einstein equations produces the averaged ones with the terms of geometric correction by the correlation tensors. The equations of motion for averaged energy momentum, obtained by averaging out the contracted Bianchi identities, also include such terms. Considering the gravitational induction tensor to be the Riemannian curvature tensor (the non-Riemannian one is then the field tensor), a theorem is proved which relates the algebraic structure of the averaged microscopic metric to that of the induction tensor. It is shown that the averaged Einstein equations can be put in the form of the Einstein equations with the conserved macroscopic energy-momentum tensor of a definite structure including the correlation functions. By using the high-frequency approximation of Isaacson with second-order correction to the microscopic metric, the self-consistency and compatibility of the equations and relations obtained are shown. Macrovacuum turns out to be Ricci non-flat, the macrovacuum source being defined in terms of the correlation functions. In the high-frequency limit the equations are shown to become Isaacson's ones with the macrovauum source becoming Isaacson's stress tensor for gravitational waves.},
issn={1572-9532},
doi={10.1007/BF00756937},
url={https://doi.org/10.1007/BF00756937}
}

%%%% averaging schemes


@article{GFREllis_1987,
doi = {10.1088/0264-9381/4/6/025},
url = {https://dx.doi.org/10.1088/0264-9381/4/6/025},
year = {1987},
month = {nov},
publisher = {},
volume = {4},
number = {6},
pages = {1697},
author = {G F R Ellis and  W Stoeger},
title = {The 'fitting problem' in cosmology},
journal = {Classical and Quantum Gravity},
abstract = {This paper considers the best way to fit an idealised exactly homogeneous and isotropic universe model to a realistic ('lumpy') universe; whether made explicit or not, some such approach of necessity underlies the use of the standard Robertson-Walker models as models of the real universe. Approaches based on averaging, normal coordinates and null data are presented, the latter offering the best opportunity to relate the fitting procedure to date obtainable by astronomical observations.}
}

%%%% FORMALISMs

@misc{park2018covariantapproach13formalism,
      title={A Covariant Approach to 1+3 Formalism}, 
      author={Chan Park},
      year={2018},
      eprint={1810.06293},
      archivePrefix={arXiv},
      primaryClass={gr-qc},
      url={https://arxiv.org/abs/1810.06293}, 
}
@book{Gourgoulhon:2012ffd,
    author = "Gourgoulhon, Eric",
    title = "{3+1 Formalism in General Relativity}",
    doi = "10.1007/978-3-642-24525-1",
    publisher = "Springer",
    series = "Lecture Notes in Physics",
    year = "2012"
}

@article{Mitsou_2021,
   title={Cutting out the cosmological middle man: general relativity in the light-cone coordinates},
   volume={38},
   ISSN={1361-6382},
   url={http://dx.doi.org/10.1088/1361-6382/abd681},
   DOI={10.1088/1361-6382/abd681},
   number={5},
   journal={Classical and Quantum Gravity},
   publisher={IOP Publishing},
   author={Mitsou, Ermis and Fanizza, Giuseppe and Grimm, Nastassia and Yoo, Jaiyul},
   year={2021},
   month=jan, pages={055011} }



@misc{schwarz2010cosmologicalbackreaction,
      title={Cosmological backreaction}, 
      author={Dominik J. Schwarz},
      year={2010},
      eprint={1003.3026},
      archivePrefix={arXiv},
      primaryClass={astro-ph.CO},
      url={https://arxiv.org/abs/1003.3026}, 
}

@InProceedings{ehlers1973,
author="Ehlers, J{\"u}rgen",
editor="Israel, Werner",
title="Survey of General Relativity Theory",
booktitle="Relativity, Astrophysics and Cosmology",
year="1973",
publisher="Springer Netherlands",
address="Dordrecht",
pages="1--125",
abstract="The purpose of these lectures was to give a survey of Einstein's theory of gravitation. Since special astrophysical topics have been covered by other lecturers and the principal mathematical tools of general relativity were also considered separately, I tried to concentrate on the general structure of the theory and the connection between physical and mathematical concepts and ideas; examples and applications have been mentioned briefly only.",
isbn="978-94-010-2639-0"
}

@article{Jiménez_2014,
doi = {10.1088/1475-7516/2014/05/031},
url = {https://dx.doi.org/10.1088/1475-7516/2014/05/031},
year = {2014},
month = {may},
publisher = {},
volume = {2014},
number = {05},
pages = {031},
author = {Jiménez, Jose Beltrán and Cruz-Dombriz, {\'A}lvaro de la and Dunsby, Peter K.~S. and S{\'a}ez-G{\'o}mez, Diego},
title = {Backreaction mechanism in multifluid and extended cosmologies},
journal = {Journal of Cosmology and Astroparticle Physics},
abstract = {One possible explanation for the present observed acceleration of the Universe is the breakdown of homogeneity and isotropy due to the formation of non-linear structures.  How inhomogeneities affect the averaged cosmological expansion rate and lead to late-time acceleration is generally considered to be due to some backreaction mechanism. In the recent literature most averaging calculations have focused their attention on General Relativity together with pressure-free matter. In this communication we focus our attention on more general scenarios, including imperfect fluids as well as alternative theories of gravity, and apply an averaging procedure to them in order to determine possible backreaction effects. For illustrative purposes, we present our results for dark energy models, quintessence and Brans-Dicke theories. We also provide a discussion about the limitations of frame choices in the averaging procedure.}
}



@article{Gasperini_2010,
   title={A covariant and gauge invariant formulation of the cosmological ``backreaction’’},
   volume={2010},
   ISSN={1475-7516},
   url={http://dx.doi.org/10.1088/1475-7516/2010/02/009},
   DOI={10.1088/1475-7516/2010/02/009},
   number={02},
   journal={Journal of Cosmology and Astroparticle Physics},
   publisher={IOP Publishing},
   author={Gasperini, M and Marozzi, G and Veneziano, G},
   year={2010},
   month=feb, pages={009–009} }

@Article{Carloni2010,
author={Carloni, Sante
and Elizalde, Emilio
and Odintsov, Sergei},
title={Conformal transformations in cosmology of modified gravity: the covariant approach perspective},
journal={General Relativity and Gravitation},
year={2010},
month={Jul},
day={01},
volume={42},
number={7},
pages={1667-1705},
abstract={The 1+3 covariant approach and the covariant gauge-invariant approach to perturbations are used to analyze in depth conformal transformations in cosmology. Such techniques allow us to obtain insights on the physical meaning of these transformations when applied to non-standard gravity. The results obtained lead to a number of general conclusions on the change of some key quantities describing any two conformally related cosmological models. For example, even if some of the geometrical properties of the cosmology are preserved (homogeneous and isotropic Universes are mapped into homogeneous and isotropic universes), it can happen that decelerating cosmologies can be mapped into accelerated ones. From the point of view of the cosmological perturbations it is shown how these fluctuation transform. We find that first-order vector and tensor perturbations equations are left unchanged in their structure by the conformal transformation, but this cannot be said of the scalar perturbations, which present differences in their evolutionary features. The results obtained are then explicitly interpreted and verified with the help of some clarifying examples based on f(R)-gravity cosmologies.},
issn={1572-9532},
doi={10.1007/s10714-010-0936-1},
url={https://doi.org/10.1007/s10714-010-0936-1}
}

@article{Galbany_2023,
   title={An updated measurement of the Hubble constant from near-infrared observations of Type Ia supernovae},
   volume={679},
   ISSN={1432-0746},
   url={http://dx.doi.org/10.1051/0004-6361/202244893},
   DOI={10.1051/0004-6361/202244893},
   journal={Astronomy &amp; Astrophysics},
   publisher={EDP Sciences},
   author={Galbany, L. and de Jaeger, T. and Riess, A. G. and Müller-Bravo, T. E. and Dhawan, S. and Phan, K. and Stritzinger, M. D. and Karamehmetoglu, E. and Leibundgut, B. and Burns, C. and Peterson, E. and D’Arcy Kenworthy, W. and Johansson, J. and Maguire, K. and Jha, S. W.},
   year={2023},
   month=nov, pages={A95} }

@article{Verde_2019,
   title={Tensions between the early and late Universe},
   volume={3},
   ISSN={2397-3366},
   url={http://dx.doi.org/10.1038/s41550-019-0902-0},
   DOI={10.1038/s41550-019-0902-0},
   number={10},
   journal={Nature Astronomy},
   publisher={Springer Science and Business Media LLC},
   author={Verde, Licia and Treu, Tommaso and Riess, Adam G.},
   year={2019},
   month=sep, pages={891–895} }


@article{Clarkson_2011,
   title={Does the growth of structure affect our dynamical models of the Universe? The averaging, backreaction, and fitting problems in cosmology},
   volume={74},
   ISSN={1361-6633},
   url={http://dx.doi.org/10.1088/0034-4885/74/11/112901},
   DOI={10.1088/0034-4885/74/11/112901},
   number={11},
   journal={Reports on Progress in Physics},
   publisher={IOP Publishing},
   author={Clarkson, Chris and Ellis, George and Larena, Julien and Umeh, Obinna},
   year={2011},
   month=oct, pages={112901} }

@article{Will:2014,
    author = "Will, Clifford M.",
    title = "{The Confrontation between General Relativity and Experiment}",
    eprint = "1403.7377",
    archivePrefix = "arXiv",
    primaryClass = "gr-qc",
    doi = "10.12942/lrr-2014-4",
    journal = "Living Rev. Rel.",
    volume = "17",
    pages = "4",
    year = "2014"
}

